<?xml version="1.0" encoding="UTF-8"?><collection xmlns="http://www.loc.gov/MARC21/slim"><record><leader>00505nam--2200133-i-4500</leader><controlfield tag="001">000013610</controlfield><controlfield tag="002">20161230</controlfield><controlfield tag="005">20161230201030</controlfield><controlfield tag="008">060222s1000------------r-----000-0-eng-d</controlfield><datafield ind1=" " ind2=" " tag="245"><subfield code="a">Catalysis by zeolites. proceedings of an inst.de recherches sur la ca talyse-cnrs-villeurbanne..ecully(lyon),sept.9 11, 1980</subfield></datafield><datafield ind1=" " ind2=" " tag="260"><subfield code="a">Amsterdam, Elsevier Scientific Publishing Comp Any, 1980. Xii +351 P</subfield></datafield><datafield ind1=" " ind2=" " tag="490"><subfield code="a">Studies In Surface Science And Catalysis</subfield></datafield><datafield ind1=" " ind2=" " tag="700"><subfield code="a">B.Imelik, C.Naccache, Y.Ben Taarit</subfield></datafield><datafield ind1=" " ind2=" " tag="852"><subfield code="a">47049</subfield></datafield></record></collection>